@online{arimaWeb,
    author    = "Robert Nau",
    title     = "Statistical forecasting: notes on regression and time series analysis",
    url       = "https://people.duke.edu/~rnau/411home.htm",
}
@online{initialTrendSeasonal,
    author    = "Grisha Trubetskoy",
    title     = "Holt-Winters Forecasting for Dummies - Part III",
    url       = "https://grisha.org/blog/2016/02/17/triple-exponential-smoothing-forecasting-part-iii/",
    year      = {2016}
}
@book{forecastingPrinciplesPractice,
    title={Forecasting: Principles and Practice (2nd edition)},
    author={Hyndman R.J. \& Athanasopoulos G.},
    year={2018},
    publisher={OTexts},
}